%% This BibTeX bibliography file was created using BibDesk.
%% https://bibdesk.sourceforge.io/

%% Created for rknot at 2023-02-01 23:24:34 +0100 


%% Saved with string encoding Unicode (UTF-8) 



@book{Giusti_1984,
	author = {Enrico Giusti},
	date-added = {2023-02-01 23:24:05 +0100},
	date-modified = {2023-02-01 23:24:05 +0100},
	doi = {10.1007/978-1-4684-9486-0},
	publisher = {Birkh{\"a}user Boston},
	title = {Minimal Surfaces and Functions of Bounded Variation},
	url = {https://doi.org/10.1007%2F978-1-4684-9486-0},
	year = 1984,
	bdsk-url-1 = {https://doi.org/10.1007%2F978-1-4684-9486-0},
	bdsk-url-2 = {https://doi.org/10.1007/978-1-4684-9486-0}}

@book{Federer_1996,
	author = {Herbert Federer},
	date-added = {2023-02-01 23:13:52 +0100},
	date-modified = {2023-02-01 23:13:52 +0100},
	doi = {10.1007/978-3-642-62010-2},
	editor = {B. Eckmann and B. L. van der Waerden},
	publisher = {Springer Berlin Heidelberg},
	title = {Geometric Measure Theory},
	url = {https://doi.org/10.1007%2F978-3-642-62010-2},
	year = 1996,
	bdsk-url-1 = {https://doi.org/10.1007%2F978-3-642-62010-2},
	bdsk-url-2 = {https://doi.org/10.1007/978-3-642-62010-2}}

@inproceedings{Volpert1985AnalysisIC,
	author = {A. I. Vol'pert and S. I. Khudi︠a︡ev},
	date-added = {2023-02-01 23:11:45 +0100},
	date-modified = {2023-02-01 23:11:45 +0100},
	title = {Analysis in classes of discontinuous functions and equations of mathematical physics},
	year = {1985}}

@book{Maz_ja_1985,
	author = {Vladimir G. Maz'ja},
	date-added = {2023-02-01 22:52:40 +0100},
	date-modified = {2023-02-01 22:52:40 +0100},
	doi = {10.1007/978-3-662-09922-3},
	publisher = {Springer Berlin Heidelberg},
	title = {Sobolev Spaces},
	url = {https://doi.org/10.1007%2F978-3-662-09922-3},
	year = 1985,
	bdsk-url-1 = {https://doi.org/10.1007%2F978-3-662-09922-3},
	bdsk-url-2 = {https://doi.org/10.1007/978-3-662-09922-3}}
